@article{Croote201616022,
title = {Food allergen detection by mass spectrometry: the role of systems biology.},
author = {Croote, Derek and Quake, Stephen R},
pages = {16022},
url = {http://www.nature.com/articles/npjsba201622},
year = {2016},
month = {sep},
day = {29},
urldate = {2017-07-06},
journal = {npj Systems Biology and Applications},
volume = {2},
issn = {2056-7189},
doi = {10.1038/npjsba.2016.22},
pmid = {28725476},
pmcid = {PMC5516885},
}
@article{Croote20181306,
title = {High-affinity allergen-specific human antibodies cloned from single {IgE} B cell transcriptomes.},
author = {Croote, Derek and Darmanis, Spyros and Nadeau, Kari C and Quake, Stephen R},
pages = {1306-1309},
url = {http://www.sciencemag.org/lookup/doi/10.1126/science.aau2599},
year = {2018},
month = {dec},
day = {14},
urldate = {2019-04-27},
journal = {Science},
volume = {362},
number = {6420},
issn = {0036-8075},
doi = {10.1126/science.aau2599},
pmid = {30545888},
f1000-projects = {asperg and Your publications},
}

@article{li2021large,
  title={Large language models can be strong differentially private learners},
  author={Li, Xuechen and Tramer, Florian and Liang, Percy and Hashimoto, Tatsunori},
  journal={International Conference on Learning Representations},
  year={2022}
}

@article{he2022exploring,
  title={Exploring the limits of differentially private deep learning with group-wise clipping},
  author={He, Jiyan and Li, Xuechen and Yu, Da and Zhang, Huishuai and Kulkarni, Janardhan and Lee, Yin Tat and Backurs, Arturs and Yu, Nenghai and Bian, Jiang},
  journal={International Conference on Learning Representations},
  year={2023}
}

@article{li2022does,
  title={When Does Differentially Private Learning Not Suffer in High Dimensions?},
  author={Li, Xuechen and Liu, Daogao and Hashimoto, Tatsunori B and Inan, Huseyin A and Kulkarni, Janardhan and Lee, Yin-Tat and Guha Thakurta, Abhradeep},
  journal={Advances in Neural Information Processing Systems},
  volume={35},
  pages={28616--28630},
  year={2022}
}

@article{
bbot3,
title={BlenderBot 3: An AI Chatbot That Improves Through Conversation},
url={https://about.fb.com/news/2022/08/blenderbot-ai-chatbot-improves-through-conversation/},
year={2022},
}

@article{bu2022scalable,
  title={Scalable and Efficient Training of Large Convolutional Neural Networks with Differential Privacy},
  author={Bu, Zhiqi and Mao, Jialin and Xu, Shiyun},
  journal={arXiv preprint arXiv:2205.10683},
  year={2022}
}

@article{de2022unlocking,
  title={Unlocking high-accuracy differentially private image classification through scale},
  author={De, Soham and Berrada, Leonard and Hayes, Jamie and Smith, Samuel L and Balle, Borja},
  journal={arXiv preprint arXiv:2204.13650},
  year={2022}
}

@article{mehta2022large,
  title={Large scale transfer learning for differentially private image classification},
  author={Mehta, Harsh and Thakurta, Abhradeep and Kurakin, Alexey and Cutkosky, Ashok},
  journal={arXiv preprint arXiv:2205.02973},
  year={2022}
}

@article{li2022does,
  title={When Does Differentially Private Learning Not Suffer in High Dimensions?},
  author={Li, Xuechen and Liu, Daogao and Hashimoto, Tatsunori and Inan, Huseyin A and Kulkarni, Janardhan and Lee, Yin Tat and Thakurta, Abhradeep Guha},
  journal={Advances in Neural Information Processing Systems},
  year={2022}
}

@inproceedings{
li2022large,
title={Large Language Models Can Be Strong Differentially Private Learners},
author={Xuechen Li and Florian Tramer and Percy Liang and Tatsunori Hashimoto},
booktitle={International Conference on Learning Representations},
year={2022},
url={https://openreview.net/forum?id=bVuP3ltATMz}
}

@article{carlini2021neuracrypt,
  title={NeuraCrypt is not private},
  author={Carlini, Nicholas and Garg, Sanjam and Jha, Somesh and Mahloujifar, Saeed and Mahmoody, Mohammad and Tramer, Florian},
  journal={arXiv preprint arXiv:2108.07256},
  year={2021}
}

@inproceedings{carlini2021private,
  title={Is private learning possible with instance encoding?},
  author={Carlini, Nicholas and Deng, Samuel and Garg, Sanjam and Jha, Somesh and Mahloujifar, Saeed and Mahmoody, Mohammad and Thakurta, Abhradeep and Tram{\`e}r, Florian},
  booktitle={2021 IEEE Symposium on Security and Privacy (SP)},
  pages={410--427},
  year={2021},
  organization={IEEE}
}

@inproceedings{huang2020instahide,
  title={Instahide: Instance-hiding schemes for private distributed learning},
  author={Huang, Yangsibo and Song, Zhao and Li, Kai and Arora, Sanjeev},
  booktitle={International conference on machine learning},
  pages={4507--4518},
  year={2020},
  organization={PMLR}
}

@article{sk-chatbot,
title={A South Korean Chatbot Shows Just How Sloppy Tech Companies Can Be With User Data},
note = {\url{https://slate.com/technology/2021/04/scatterlab-lee-luda-chatbot-kakaotalk-ai-privacy.html}},
year={2021},
}

@inproceedings{carlini2021extracting,
  title={Extracting training data from large language models},
  author={Carlini, Nicholas and Tramer, Florian and Wallace, Eric and Jagielski, Matthew and Herbert-Voss, Ariel and Lee, Katherine and Roberts, Adam and Brown, Tom and Song, Dawn and Erlingsson, Ulfar and others},
  booktitle={30th USENIX Security Symposium (USENIX Security 21)},
  pages={2633--2650},
  year={2021}
}

@inproceedings{carlini2019secret,
  title={The secret sharer: Evaluating and testing unintended memorization in neural networks},
  author={Carlini, Nicholas and Liu, Chang and Erlingsson, {\'U}lfar and Kos, Jernej and Song, Dawn},
  booktitle={28th USENIX Security Symposium (USENIX Security 19)},
  pages={267--284},
  year={2019}
}

@inproceedings{shokri2017membership,
  title={Membership inference attacks against machine learning models},
  author={Shokri, Reza and Stronati, Marco and Song, Congzheng and Shmatikov, Vitaly},
  booktitle={2017 IEEE symposium on security and privacy (SP)},
  pages={3--18},
  year={2017},
  organization={IEEE}
}

@article{amodei2016concrete,
  title={Concrete problems in AI safety},
  author={Amodei, Dario and Olah, Chris and Steinhardt, Jacob and Christiano, Paul and Schulman, John and Man{\'e}, Dan},
  journal={arXiv preprint arXiv:1606.06565},
  year={2016}
}

@article{dwork2014algorithmic,
  title={The algorithmic foundations of differential privacy.},
  author={Dwork, Cynthia and Roth, Aaron and others},
  journal={Found. Trends Theor. Comput. Sci.},
  volume={9},
  number={3-4},
  pages={211--407},
  year={2014}
}

@inproceedings{diakonikolas2019sever,
  title={Sever: A robust meta-algorithm for stochastic optimization},
  author={Diakonikolas, Ilias and Kamath, Gautam and Kane, Daniel and Li, Jerry and Steinhardt, Jacob and Stewart, Alistair},
  booktitle={International Conference on Machine Learning},
  pages={1596--1606},
  year={2019},
  organization={PMLR}
}


@article{irving2019ai,
  title={AI safety needs social scientists},
  author={Irving, Geoffrey and Askell, Amanda},
  journal={Distill},
  volume={4},
  number={2},
  pages={e14},
  year={2019}
}

@article{hong2020effectiveness,
  title={On the effectiveness of mitigating data poisoning attacks with gradient shaping},
  author={Hong, Sanghyun and Chandrasekaran, Varun and Kaya, Yi{\u{g}}itcan and Dumitra{\c{s}}, Tudor and Papernot, Nicolas},
  journal={arXiv preprint arXiv:2002.11497},
  year={2020}
}

@article{carlini2021poisoning,
  title={Poisoning and Backdooring Contrastive Learning},
  author={Carlini, Nicholas and Terzis, Andreas},
  journal={arXiv preprint arXiv:2106.09667},
  year={2021}
}

@article{bagdasaryan2019differential,
  title={Differential privacy has disparate impact on model accuracy},
  author={Bagdasaryan, Eugene and Poursaeed, Omid and Shmatikov, Vitaly},
  journal={Advances in Neural Information Processing Systems},
  volume={32},
  pages={15479--15488},
  year={2019}
}

@inproceedings{steinhardt2017certified,
  title={Certified defenses for data poisoning attacks},
  author={Steinhardt, Jacob and Koh, Pang Wei and Liang, Percy},
  booktitle={Proceedings of the 31st International Conference on Neural Information Processing Systems},
  pages={3520--3532},
  year={2017}
}


@article{radford2019language,
  title={Language models are unsupervised multitask learners},
  author={Radford, Alec and Wu, Jeffrey and Child, Rewon and Luan, David and Amodei, Dario and Sutskever, Ilya and others},
  journal={OpenAI blog},
  volume={1},
  number={8},
  pages={9},
  year={2019}
}

@article{carlini2020extracting,
  title={Extracting training data from large language models},
  author={Carlini, Nicholas and Tramer, Florian and Wallace, Eric and Jagielski, Matthew and Herbert-Voss, Ariel and Lee, Katherine and Roberts, Adam and Brown, Tom and Song, Dawn and Erlingsson, Ulfar and others},
  journal={arXiv preprint arXiv:2012.07805},
  year={2020}
}

@article{brown2020language,
  title={Language models are few-shot learners},
  author={Brown, Tom B and Mann, Benjamin and Ryder, Nick and Subbiah, Melanie and Kaplan, Jared and Dhariwal, Prafulla and Neelakantan, Arvind and Shyam, Pranav and Sastry, Girish and Askell, Amanda and others},
  journal={arXiv preprint arXiv:2005.14165},
  year={2020}
}

@article{meisner2017financial,
  title={Financial consequences of cyber attacks leading to data breaches in healthcare sector},
  author={Meisner, Marta},
  journal={Copernican Journal of Finance \& Accounting},
  volume={6},
  number={3},
  pages={63--73},
  year={2017}
}

@article{li2019stochastic,
  title={Stochastic {Runge-Kutta} Accelerates {Langevin} Monte Carlo and Beyond},
  author={Li, Xuechen and Wu, Denny and Mackey, Lester and Erdogdu, Murat A},
  journal={Advances in Neural Information Processing Systems},
  year={2019}
}

@article{li2019scalable,
  title={Scalable Gradients for Stochastic Differential Equations},
  author={Li, Xuechen and Wong, Ting-Kam Leonard and Chen, Ricky T Q and Duvenaud, David K},
  journal={Under review},
  year={2019}
}

@article{cremer2018inference,
  title={Inference suboptimality in variational autoencoders},
  author={Cremer, Chris and Li, Xuechen and Duvenaud, David},
  journal={International Conference on Machine Learning},
  year={2018}
}

@article{maddison2016concrete,
  title={The concrete distribution: A continuous relaxation of discrete random variables},
  author={Maddison, Chris J and Mnih, Andriy and Teh, Yee Whye},
  journal={arXiv preprint arXiv:1611.00712},
  year={2016}
}

@article{blundell2015weight,
  title={Weight uncertainty in neural networks},
  author={Blundell, Charles and Cornebise, Julien and Kavukcuoglu, Koray and Wierstra, Daan},
  journal={arXiv preprint arXiv:1505.05424},
  year={2015}
}

@article{garnelo2018neural,
  title={Neural processes},
  author={Garnelo, Marta and Schwarz, Jonathan and Rosenbaum, Dan and Viola, Fabio and Rezende, Danilo J and Eslami, SM and Teh, Yee Whye},
  journal={arXiv preprint arXiv:1807.01622},
  year={2018}
}

@article{chen2018neural,
  title={Neural Ordinary Differential Equations},
  author={Chen, Tian Qi and Rubanova, Yulia and Bettencourt, Jesse and Duvenaud, David},
  journal={arXiv preprint arXiv:1806.07366},
  year={2018}
}

@inproceedings{johnson2016composing,
  title={Composing graphical models with neural networks for structured representations and fast inference},
  author={Johnson, Matthew and Duvenaud, David K and Wiltschko, Alex and Adams, Ryan P and Datta, Sandeep R},
  booktitle={Advances in neural information processing systems},
  pages={2946--2954},
  year={2016}
}

@article{chen2018isolating,
  title={Isolating Sources of Disentanglement in Variational Autoencoders},
  author={Chen, Ricky Tian Qi and Li, Xuechen and Grosse, Roger and Duvenaud, David},
  journal={Advances in Neural Information Processing Systems},
  year={2018}
}


@article{barmpalias2019idemetric,
  title={The idemetric property: when most distances are (almost) the same},
  author={Barmpalias, George and Huang, Neng and Lewis-Pye, Andrew and Li, Angsheng and Li, Xuechen and Pan, Yicheng and Roughgarden, Tim},
  journal={Proceedings of the Royal Society A},
  volume={475},
  number={2222},
  pages={20180283},
  year={2019},
  publisher={The Royal Society Publishing}
}

@inproceedings{dupuy2022efficient,
  title={An Efficient DP-SGD Mechanism for Large Scale NLU Models},
  author={Dupuy, Christophe and Arava, Radhika and Gupta, Rahul and Rumshisky, Anna},
  booktitle={ICASSP 2022-2022 IEEE International Conference on Acoustics, Speech and Signal Processing (ICASSP)},
  pages={4118--4122},
  year={2022},
  organization={IEEE}
}

@article{kerrigan2020differentially,
  title={Differentially private language models benefit from public pre-training},
  author={Kerrigan, Gavin and Slack, Dylan and Tuyls, Jens},
  journal={arXiv preprint arXiv:2009.05886},
  year={2020}
}

@article{dpsynthetictext,
  title={A closer look at differentially private synthetic text generation},
  author={Yue, Xiang and Inan, Huseyin and Li, Xuechen and Kumar, Girish and McAnallen, Julia and Levitan, David and Sim, Robert},
  journal={In submission},
  year={2022}
}

@article{perlayer,
  title={Exploring the limits of differentially private machine learning with adaptive per-layer clipping},
  author={He, Jiyan and Li, Xuechen and Yu, Da and Lee, Yin Tat and Kulkarni, Janardhan and Zhang, Huishuai},
  journal={In submission},
  year={2022}
}

@article{tramer2018slalom,
  title={Slalom: Fast, verifiable and private execution of neural networks in trusted hardware},
  author={Tramer, Florian and Boneh, Dan},
  journal={arXiv preprint arXiv:1806.03287},
  year={2018}
}

@article{knott2021crypten,
  title={Crypten: Secure multi-party computation meets machine learning},
  author={Knott, Brian and Venkataraman, Shobha and Hannun, Awni and Sengupta, Shubho and Ibrahim, Mark and van der Maaten, Laurens},
  journal={Advances in Neural Information Processing Systems},
  volume={34},
  pages={4961--4973},
  year={2021}
}

@article{knolle2021differentially,
  title={Differentially private training of neural networks with Langevin dynamics for calibrated predictive uncertainty},
  author={Knolle, Moritz and Ziller, Alexander and Usynin, Dmitrii and Braren, Rickmer and Makowski, Marcus R and Rueckert, Daniel and Kaissis, Georgios},
  journal={arXiv preprint arXiv:2107.04296},
  year={2021}
}

@article{subramani2021enabling,
  title={Enabling fast differentially private sgd via just-in-time compilation and vectorization},
  author={Subramani, Pranav and Vadivelu, Nicholas and Kamath, Gautam},
  journal={Advances in Neural Information Processing Systems},
  volume={34},
  pages={26409--26421},
  year={2021}
}


@inproceedings{bourtoule2021machine,
  title={Machine unlearning},
  author={Bourtoule, Lucas and Chandrasekaran, Varun and Choquette-Choo, Christopher A and Jia, Hengrui and Travers, Adelin and Zhang, Baiwu and Lie, David and Papernot, Nicolas},
  booktitle={2021 IEEE Symposium on Security and Privacy (SP)},
  pages={141--159},
  year={2021},
  organization={IEEE}
}

@inproceedings{buolamwini2018gender,
  title={Gender shades: Intersectional accuracy disparities in commercial gender classification},
  author={Buolamwini, Joy and Gebru, Timnit},
  booktitle={Conference on fairness, accountability and transparency},
  pages={77--91},
  year={2018},
  organization={PMLR}
}

@misc{DPorg-dp-fine-tuning,
    title={Differentially private deep learning can be effective with self-supervised models},
    author={Xuechen Li and Florian Tramèr and Janardhan Kulkarni and Tatsunori Hashimoto},
    howpublished={DifferentialPrivacy.org},
    note={\url{https://differentialprivacy.org/dp-fine-tuning/}},
    year={2022},
    month={03},
}

@inproceedings{
dpcalibrate,
title={A Closer Look at the Calibration of Differentially Private Learners},
author={Hanlin Zhang and Xuechen Li and Prithviraj Sen and Salim Roukos and Tatsunori Hashimoto},
year={2023},
}
